@article{perlmutter_discovery_1998,
	title = {Discovery of a supernova explosion at half the age of the {Universe}},
	volume = {391},
	issn = {1476-4687},
	url = {https://doi.org/10.1038/34124},
	doi = {10.1038/34124},
	abstract = {The ultimate fate of the Universe, infinite expansion or a big crunch, can be determined by using the redshifts and distances of very distant supernovae to monitor changes in the expansion rate. We can now find1 large numbers of these distant supernovae, and measure their redshifts and apparent brightnesses; moreover, recent studies of nearby type Ia supernovae have shown how to determine their intrinsic luminosities2,3,4—and therefore with their apparent brightnesses obtain their distances. The {\textgreater}50 distant supernovae discovered so far provide a record of changes in the expansion rate over the past several billion years5,6,7. However, it is necessary to extend this expansion history still farther away (hence further back in time) in order to begin to distinguish the causes of the expansion-rate changes—such as the slowing caused by the gravitational attraction of the Universe's mass density, and the possibly counteracting effect of the cosmological constant8. Here we report the most distant spectroscopically confirmed supernova. Spectra and photometry from the largest telescopes on the ground and in space show that this ancient supernova is strikingly similar to nearby, recent type Ia supernovae. When combined with previous measurements of nearer supernovae2,5, these new measurements suggest that we may live in a low-mass-density universe.},
	number = {6662},
	journal = {Nature},
	author = {Perlmutter, S. and Aldering, G. and Valle, M. Della and Deustua, S. and Ellis, R. S. and Fabbro, S. and Fruchter, A. and Goldhaber, G. and Groom, D. E. and Hook, I. M. and Kim, A. G. and Kim, M. Y. and Knop, R. A. and Lidman, C. and McMahon, R. G. and Nugent, P. and Pain, R. and Panagia, N. and Pennypacker, C. R. and Ruiz-Lapuente, P. and Schaefer, B. and Walton, N.},
	month = jan,
	year = {1998},
	pages = {51--54},
}
@article{Riess_1998,
   title={Observational Evidence from Supernovae for an Accelerating Universe and a Cosmological Constant},
   volume={116},
   ISSN={0004-6256},
   url={http://dx.doi.org/10.1086/300499},
   DOI={10.1086/300499},
   number={3},
   journal={The Astronomical Journal},
   publisher={American Astronomical Society},
   author={Riess, Adam G. and Filippenko, Alexei V. and Challis, Peter and Clocchiatti, Alejandro and Diercks, Alan and Garnavich, Peter M. and Gilliland, Ron L. and Hogan, Craig J. and Jha, Saurabh and Kirshner, Robert P. and Leibundgut, B. and Phillips, M. M. and Reiss, David and Schmidt, Brian P. and Schommer, Robert A. and Smith, R. Chris and Spyromilio, J. and Stubbs, Christopher and Suntzeff, Nicholas B. and Tonry, John},
   year={1998},
   month=sep, pages={1009–1038} }
@ARTICLE{1992ApJ...396L...1S,
       author = {{Smoot}, G.~F. and {Bennett}, C.~L. and {Kogut}, A. and {Wright}, E.~L. and {Aymon}, J. and {Boggess}, N.~W. and {Cheng}, E.~S. and {de Amici}, G. and {Gulkis}, S. and {Hauser}, M.~G. and {Hinshaw}, G. and {Jackson}, P.~D. and {Janssen}, M. and {Kaita}, E. and {Kelsall}, T. and {Keegstra}, P. and {Lineweaver}, C. and {Loewenstein}, K. and {Lubin}, P. and {Mather}, J. and {Meyer}, S.~S. and {Moseley}, S.~H. and {Murdock}, T. and {Rokke}, L. and {Silverberg}, R.~F. and {Tenorio}, L. and {Weiss}, R. and {Wilkinson}, D.~T.},
        title = "{Structure in the COBE Differential Microwave Radiometer First-Year Maps}",
      journal = {\apjl},
     keywords = {Cosmic Background Explorer Satellite, Microwave Radiometers, Normal Density Functions, Relic Radiation, Root-Mean-Square Errors, Astronomical Maps, Milky Way Galaxy, Space Radiation, COSMOLOGY: COSMIC MICROWAVE BACKGROUND, COSMOLOGY: OBSERVATIONS},
         year = 1992,
        month = sep,
       volume = {396},
        pages = {L1},
          doi = {10.1086/186504},
       adsurl = {https://ui.adsabs.harvard.edu/abs/1992ApJ...396L...1S},
      adsnote = {Provided by the SAO/NASA Astrophysics Data System}
}
@article{2020Planck,
   title={Planck2018 results: VI. Cosmological parameters},
   volume={641},
   ISSN={1432-0746},
   url={http://dx.doi.org/10.1051/0004-6361/201833910},
   DOI={10.1051/0004-6361/201833910},
   journal={Astronomy \& Astrophysics},
   publisher={EDP Sciences},
   author={Aghanim, N. and Akrami, Y. and Ashdown, M. and Aumont, J. and Baccigalupi, C. and Ballardini, M. and Banday, A. J. and Barreiro, R. B. and Bartolo, N. and Basak, S. and Battye, R. and Benabed, K. and Bernard, J.-P. and Bersanelli, M. and Bielewicz, P. and Bock, J. J. and Bond, J. R. and Borrill, J. and Bouchet, F. R. and Boulanger, F. and Bucher, M. and Burigana, C. and Butler, R. C. and Calabrese, E. and Cardoso, J.-F. and Carron, J. and Challinor, A. and Chiang, H. C. and Chluba, J. and Colombo, L. P. L. and Combet, C. and Contreras, D. and Crill, B. P. and Cuttaia, F. and de Bernardis, P. and de Zotti, G. and Delabrouille, J. and Delouis, J.-M. and Di Valentino, E. and Diego, J. M. and Doré, O. and Douspis, M. and Ducout, A. and Dupac, X. and Dusini, S. and Efstathiou, G. and Elsner, F. and Enßlin, T. A. and Eriksen, H. K. and Fantaye, Y. and Farhang, M. and Fergusson, J. and Fernandez-Cobos, R. and Finelli, F. and Forastieri, F. and Frailis, M. and Fraisse, A. A. and Franceschi, E. and Frolov, A. and Galeotta, S. and Galli, S. and Ganga, K. and Génova-Santos, R. T. and Gerbino, M. and Ghosh, T. and González-Nuevo, J. and Górski, K. M. and Gratton, S. and Gruppuso, A. and Gudmundsson, J. E. and Hamann, J. and Handley, W. and Hansen, F. K. and Herranz, D. and Hildebrandt, S. R. and Hivon, E. and Huang, Z. and Jaffe, A. H. and Jones, W. C. and Karakci, A. and Keihänen, E. and Keskitalo, R. and Kiiveri, K. and Kim, J. and Kisner, T. S. and Knox, L. and Krachmalnicoff, N. and Kunz, M. and Kurki-Suonio, H. and Lagache, G. and Lamarre, J.-M. and Lasenby, A. and Lattanzi, M. and Lawrence, C. R. and Le Jeune, M. and Lemos, P. and Lesgourgues, J. and Levrier, F. and Lewis, A. and Liguori, M. and Lilje, P. B. and Lilley, M. and Lindholm, V. and López-Caniego, M. and Lubin, P. M. and Ma, Y.-Z. and Macías-Pérez, J. F. and Maggio, G. and Maino, D. and Mandolesi, N. and Mangilli, A. and Marcos-Caballero, A. and Maris, M. and Martin, P. G. and Martinelli, M. and Martínez-González, E. and Matarrese, S. and Mauri, N. and McEwen, J. D. and Meinhold, P. R. and Melchiorri, A. and Mennella, A. and Migliaccio, M. and Millea, M. and Mitra, S. and Miville-Deschênes, M.-A. and Molinari, D. and Montier, L. and Morgante, G. and Moss, A. and Natoli, P. and Nørgaard-Nielsen, H. U. and Pagano, L. and Paoletti, D. and Partridge, B. and Patanchon, G. and Peiris, H. V. and Perrotta, F. and Pettorino, V. and Piacentini, F. and Polastri, L. and Polenta, G. and Puget, J.-L. and Rachen, J. P. and Reinecke, M. and Remazeilles, M. and Renzi, A. and Rocha, G. and Rosset, C. and Roudier, G. and Rubiño-Martín, J. A. and Ruiz-Granados, B. and Salvati, L. and Sandri, M. and Savelainen, M. and Scott, D. and Shellard, E. P. S. and Sirignano, C. and Sirri, G. and Spencer, L. D. and Sunyaev, R. and Suur-Uski, A.-S. and Tauber, J. A. and Tavagnacco, D. and Tenti, M. and Toffolatti, L. and Tomasi, M. and Trombetti, T. and Valenziano, L. and Valiviita, J. and Van Tent, B. and Vibert, L. and Vielva, P. and Villa, F. and Vittorio, N. and Wandelt, B. D. and Wehus, I. K. and White, M. and White, S. D. M. and Zacchei, A. and Zonca, A.},
   year={2020},
   month=sep, pages={A6} }

@article{Eisenstein_2005,
   title={Detection of the Baryon Acoustic Peak in the Large‐Scale Correlation Function of SDSS Luminous Red Galaxies},
   volume={633},
   ISSN={1538-4357},
   url={http://dx.doi.org/10.1086/466512},
   DOI={10.1086/466512},
   number={2},
   journal={The Astrophysical Journal},
   publisher={American Astronomical Society},
   author={Eisenstein, Daniel J. and Zehavi, Idit and Hogg, David W. and Scoccimarro, Roman and Blanton, Michael R. and Nichol, Robert C. and Scranton, Ryan and Seo, Hee‐Jong and Tegmark, Max and Zheng, Zheng and Anderson, Scott F. and Annis, Jim and Bahcall, Neta and Brinkmann, Jon and Burles, Scott and Castander, Francisco J. and Connolly, Andrew and Csabai, Istvan and Doi, Mamoru and Fukugita, Masataka and Frieman, Joshua A. and Glazebrook, Karl and Gunn, James E. and Hendry, John S. and Hennessy, Gregory and Ivezić, Zeljko and Kent, Stephen and Knapp, Gillian R. and Lin, Huan and Loh, Yeong‐Shang and Lupton, Robert H. and Margon, Bruce and McKay, Timothy A. and Meiksin, Avery and Munn, Jeffery A. and Pope, Adrian and Richmond, Michael W. and Schlegel, David and Schneider, Donald P. and Shimasaku, Kazuhiro and Stoughton, Christopher and Strauss, Michael A. and SubbaRao, Mark and Szalay, Alexander S. and Szapudi, Istvan and Tucker, Douglas L. and Yanny, Brian and York, Donald G.},
   year={2005},
   month=nov, pages={560–574} }
@article{10.1111/j.1365-2966.2011.19592.x,
    author = {Blake, Chris and Kazin, Eyal A. and Beutler, Florian and Davis, Tamara M. and Parkinson, David and Brough, Sarah and Colless, Matthew and Contreras, Carlos and Couch, Warrick and Croom, Scott and Croton, Darren and Drinkwater, Michael J. and Forster, Karl and Gilbank, David and Gladders, Mike and Glazebrook, Karl and Jelliffe, Ben and Jurek, Russell J. and Li, I-hui and Madore, Barry and Martin, D. Christopher and Pimbblet, Kevin and Poole, Gregory B. and Pracy, Michael and Sharp, Rob and Wisnioski, Emily and Woods, David and Wyder, Ted K. and Yee, H. K. C.},
    title = {The WiggleZ Dark Energy Survey: mapping the distance–redshift relation with baryon acoustic oscillations},
    journal = {Monthly Notices of the Royal Astronomical Society},
    volume = {418},
    number = {3},
    pages = {1707-1724},
    year = {2011},
    month = {12},
    abstract = {We present measurements of the baryon acoustic peak at redshifts z= 0.44, 0.6 and 0.73 in the galaxy correlation function of the final data set of the WiggleZ Dark Energy Survey. We combine our correlation function with lower redshift measurements from the 6-degree Field Galaxy Survey and Sloan Digital Sky Survey, producing a stacked survey correlation function in which the statistical significance of the detection of the baryon acoustic peak is 4.9σ relative to a zero-baryon model with no peak. We fit cosmological models to this combined baryon acoustic oscillation (BAO) data set comprising six distance–redshift data points, and compare the results with similar cosmological fits to the latest compilation of supernovae (SNe) and cosmic microwave background (CMB) data. The BAO and SNe data sets produce consistent measurements of the equation-of-state w of dark energy, when separately combined with the CMB, providing a powerful check for systematic errors in either of these distance probes. Combining all data sets we determine w=−1.03 ± 0.08 for a flat universe, consistent with a cosmological constant model. Assuming dark energy is a cosmological constant and varying the spatial curvature, we find Ωk=−0.004 ± 0.006.},
    issn = {0035-8711},
    doi = {10.1111/j.1365-2966.2011.19592.x},
    url = {https://doi.org/10.1111/j.1365-2966.2011.19592.x},
    eprint = {https://academic.oup.com/mnras/article-pdf/418/3/1707/18440857/mnras0418-1707.pdf},
}
@article{Dodelson_2002,
   title={The Three‐dimensional Power Spectrum from Angular Clustering of Galaxies in Early Sloan Digital Sky Survey Data},
   volume={572},
   ISSN={1538-4357},
   url={http://dx.doi.org/10.1086/340225},
   DOI={10.1086/340225},
   number={1},
   journal={The Astrophysical Journal},
   publisher={American Astronomical Society},
   author={Dodelson, Scott and Narayanan, Vijay K. and Tegmark, Max and Scranton, Ryan and Budavari, Tamas and Connolly, Andrew and Csabai, Istvan and Eisenstein, Daniel and Frieman, Joshua A. and Gunn, James E. and Hui, Lam and Jain, Bhuvnesh and Johnston, David and Kent, Stephen and Loveday, Jon and Nichol, Robert C. and O’Connell, Liam and Scoccimarro, Roman and Sheth, Ravi K. and Stebbins, Albert and Strauss, Michael A. and Szalay, Alexander S. and Szapudi, Istvan and Vogeley, Michael S. and Zehavi, Idit and Annis, James and Bahcall, Neta A. and Brinkman, Jon and Doi, Mamoru and Fukugita, Masataka and Hennessy, Greg and Ivezić, Željko and Knapp, Gillian R. and Kunszt, Peter and Lamb, Don Q. and Lee, Brian C. and Lupton, Robert H. and Munn, Jeffrey A. and Peoples, John and Pier, Jeffrey R. and Rockosi, Constance and Schlegel, David and Stoughton, Christopher and Tucker, Douglas L. and Yanny, Brian and York, Donald G.},
   year={2002},
   month=jun, pages={140–156} }
@article{Percival_2007,
   title={Measuring the Baryon Acoustic Oscillation scale using the Sloan Digital Sky Survey and 2dF Galaxy Redshift Survey: Measuring the BAO scale},
   volume={381},
   ISSN={1365-2966},
   url={http://dx.doi.org/10.1111/j.1365-2966.2007.12268.x},
   DOI={10.1111/j.1365-2966.2007.12268.x},
   number={3},
   journal={Monthly Notices of the Royal Astronomical Society},
   publisher={Oxford University Press (OUP)},
   author={Percival, Will J. and Cole, Shaun and Eisenstein, Daniel J. and Nichol, Robert C. and Peacock, John A. and Pope, Adrian C. and Szalay, Alexander S.},
   year={2007},
   month=sep, pages={1053–1066} }
@article{Daniel_Stern_2010,
   title={Cosmic chronometers: constraining the equation of state of dark energy. I: H(z) measurements},
   volume={2010},
   ISSN={1475-7516},
   url={http://dx.doi.org/10.1088/1475-7516/2010/02/008},
   DOI={10.1088/1475-7516/2010/02/008},
   number={02},
   journal={Journal of Cosmology and Astroparticle Physics},
   publisher={IOP Publishing},
   author={Daniel Stern and Raul Jimenez and Licia Verde and Marc Kamionkowski and S. Adam Stanford},
   year={2010},
   month=feb, pages={008–008} }
@article{Moresco_2015,
   title={Raising the bar: new constraints on the Hubble parameter with cosmic chronometers at z ∼ 2},
   volume={450},
   ISSN={1745-3925},
   url={http://dx.doi.org/10.1093/mnrasl/slv037},
   DOI={10.1093/mnrasl/slv037},
   number={1},
   journal={Monthly Notices of the Royal Astronomical Society: Letters},
   publisher={Oxford University Press (OUP)},
   author={Moresco, Michele},
   year={2015},
   month=apr, pages={L16–L20} }
